@article{depristo2011framework,
	title={A framework for variation discovery and genotyping using next-generation DNA sequencing data},
	author={DePristo, Mark A and Banks, Eric and Poplin, Ryan and Garimella, Kiran V and Maguire, Jared R and Hartl, Christopher and Philippakis, Anthony A and del Angel, Guillermo and Rivas, Manuel A and Hanna, Matt and others},
	journal={Nature genetics},
	volume={43},
	number={5},
	pages={491--498},
	year={2011},
	publisher={Nature Publishing Group}
}

@article{li2013aligning,
	title={Aligning sequence reads, clone sequences and assembly contigs with BWA-MEM},
	author={Li, Heng},
	journal={arXiv preprint arXiv:1303.3997},
	year={2013}
}

@article{langmead2009ultrafast,
	title={Ultrafast and memory-efficient alignment of short DNA sequences to the human genome},
	author={Langmead, Ben and Trapnell, Cole and Pop, Mihai and Salzberg, Steven L and others},
	journal={Genome Biol},
	volume={10},
	number={3},
	pages={R25},
	year={2009}
}

@article{wheeler2013cancer,
	title={Cancer pharmacogenomics: strategies and challenges},
	author={Wheeler, Heather E and Maitland, Michael L and Dolan, M Eileen and Cox, Nancy J and Ratain, Mark J},
	journal={Nature Reviews Genetics},
	volume={14},
	number={1},
	pages={23--34},
	year={2013},
	publisher={Nature Publishing Group}
}

@article{nebert2000extreme,
	title={Extreme discordant phenotype methodology: an intuitive approach to clinical pharmacogenetics},
	author={Nebert, Daniel W},
	journal={European journal of pharmacology},
	volume={410},
	number={2},
	pages={107--120},
	year={2000},
	publisher={Elsevier}
}
@article{danecek2011variant,
	title={The variant call format and VCFtools},
	author={Danecek, Petr and Auton, Adam and Abecasis, Goncalo and Albers, Cornelis A and Banks, Eric and DePristo, Mark A and Handsaker, Robert E and Lunter, Gerton and Marth, Gabor T and Sherry, Stephen T and others},
	journal={Bioinformatics},
	volume={27},
	number={15},
	pages={2156--2158},
	year={2011},
	publisher={Oxford Univ Press}
}

@article{purcell2007plink,
	title={PLINK: a tool set for whole-genome association and population-based linkage analyses},
	author={Purcell, Shaun and Neale, Benjamin and Todd-Brown, Kathe and Thomas, Lori and Ferreira, Manuel AR and Bender, David and Maller, Julian and Sklar, Pamela and De Bakker, Paul IW and Daly, Mark J and others},
	journal={The American Journal of Human Genetics},
	volume={81},
	number={3},
	pages={559--575},
	year={2007},
	publisher={Elsevier}
}

@ONLINE{Doe:2009:Online,
	author = {},
	title = {Plink/SEQ{@ONLINE}},
	month = july,
	year = {2014},
	url = {https://atgu.mgh.harvard.edu/plinkseq/}
}
